% This file was created with JabRef 2.10.
% Encoding: Cp1252


@book{duckett2011html,
  title={HTML \& CSS: design and build websites},
  author={Duckett, Jon},
  volume={15},
  year={2011},
  publisher={Wiley Indianapolis, IN}
}

@article{wenlock1980household,
  title={Household food wastage in Britain},
  author={Wenlock, RW and Buss, DH and Derry, BJ and Dixon, EJ},
  journal={British Journal of Nutrition},
  volume={43},
  number={1},
  pages={53--70},
  year={1980},
  publisher={Cambridge University Press}
}

@misc{microsoft_2021,
title={Microsoft. (n.d.). Retrieved from Visual Studio Code: https://code.visualstudio.com}, url={https://code.visualstudio.com/Download},
journal={RSS},
publisher={Microsoft},
author={Microsoft},
year={2021},
month={Nov}
}

 @misc{ref3, title={Corporation., O. (n.d.). Retrieved from My SQL:https://www.mysql.com}, url={https://code.visualstudio.com/Download}, journal={RSS}, publisher={Microsoft}, author={Microsoft}, year={2021}, month={Nov}} 

@article{zhao2022exploring,
  title={Exploring rural inhabitantsâ€™ perceptions towards food wastage during COVID-19 lockdowns: Implications for food security in Pakistan},
  author={Zhao, Jin and Madni, Ghulam Rasool and Anwar, Muhammad Awais},
  journal={Plos one},
  volume={17},
  number={3},
  pages={e0264534},
  year={2022},
  publisher={Public Library of Science San Francisco, CA USA}
}


@article{ali2022adoption,
  title={Adoption of circular economy for food waste management in the context of a developing country},
  author={Ali, Yousaf and Jokhio, Danyal Hakeem and Dojki, Amna Ali and Rehman, Obaid Ur and Khan, Feroz and Salman, Aneel},
  journal={Waste Management \& Research},
  volume={40},
  number={6},
  pages={676--684},
  year={2022},
  publisher={SAGE Publications Sage UK: London, England}
}




@misc{Ang,
title={Microsoft. (n.d.). Retrieved from Visual Studio Code: https://angular.io},
url={https://angular.io/Download},
journal={RSS},
publisher={Google},
author={Google},
year={2021},
month={Nov}
}

@article{food,
  title={Food waste},
  author={Alexander, Catherine and Gregson, Nicky and Gille, Zsuzsa},
  journal={The handbook of food research},
  volume={1},
  pages={471--483},
  year={2013},
  publisher={Bloomsbury London}
}


@misc {ref5,
title={Too good to go (application) URL : https://toogoodtogo.com/en-us/consumer} ,
url= {https://toogoodtogo.com/en-us/consumer},
journal={Too good to go}}

@misc {ref6,
title={OLIO (application) URL : https://olioex.com/} ,
title-{The #1 Free Sharing App}, url= {https://olioex.com/},
journal={OLIO}}

@misc {ref7,
title={Karma  (application) URL : https://old.karma. life/},
, title-{Karma app - save food with a tap},
url-{https://old.karma. life/},
journal= {Karma App - Save food with a tap} }


@misc {ref8,
title={Foodhero (application) URL : https://foodhero.com/},
, url-{https://foodhero.com/},
journal={Foodhero}}